<?xml version="1.0" encoding="UTF-8"?><collection xmlns="http://www.loc.gov/MARC21/slim"><record><leader>00498nam--2200145-i-4500</leader><controlfield tag="001">000024271</controlfield><controlfield tag="002">20161230</controlfield><controlfield tag="005">20161230201035</controlfield><controlfield tag="008">060222s1000------------r-----000-0-eng-d</controlfield><datafield ind1=" " ind2=" " tag="080"><subfield code="a">538.971(047.3)</subfield></datafield><datafield ind1=" " ind2=" " tag="100"><subfield code="a">Terakura, Ikuko., Terakura, Kiyoyuki And Hamada, Noriaki</subfield></datafield><datafield ind1=" " ind2=" " tag="245"><subfield code="a">Electronic origin of the surface reconstruction and relaxation of the (ool) surface of mo and w</subfield></datafield><datafield ind1=" " ind2=" " tag="260"><subfield code="a">Tokyo, Inst.For Solid State Physics, 1981. 30 P</subfield></datafield><datafield ind1=" " ind2=" " tag="490"><subfield code="a">Technical Report Of Issp Ser.A</subfield></datafield><datafield ind1=" " ind2=" " tag="852"><subfield code="a">19409</subfield></datafield></record></collection>